  @book{1,
    author = {J. Dieudonn\'{e}, A. Grothendieck},
    title = {El\'{e}ments de g\'{e}om\'{e}trie alg\'{e}brique},
  }

  @article{2,
    author = {H. Grauert, R. Remmert},
    title = {Komplexe R\"{a}ume},
    journal = {Math. Annalen},
    volume = {136},
    year = {1958},
    pages = {245--318},
  }

  @article{3,
    author = {A. Grothendieck},
    title = {G\'{e}om\'{e}trie formelle et g\'{e}om\'{e}trie alg\'{e}brique},
    journal = {S\'{e}minaire Bourbaki},
    volume = {11},
    year = {1958--59},
    notes = {Talk no.~182},
  }

  @article{4,
    author = {J.P. Murre},
    title = {On a connectedness theorem for a birational transformation at a simple point},
    journal = {Amer. J. Math.},
    volume = {80},
    year = {1958},
    pages = {3--15},
  }

  @article{5,
    author = {J.-P. Serre},
    title = {G\'{e}om\'{e}trie alg\'{e}brique et g\'{e}om\'{e}trie analytique},
    journal = {Ann. Institut Fourier Grenoble},
    volume = {6},
    year = {1955},
    pages = {1--42},
  }

  @article{6,
    author = {J.-P. Serre},
    title = {Espaces fibr\'{e}s alg\'{e}briques},
    journal = {S\'{e}minaire Chevalley},
    volume = {3},
    year = {1958},
    notes = {Talk no.~1},
  }
